<record><leader>00000cas a22000007a 4500</leader><controlfield tag="001">36804657</controlfield><controlfield tag="008">970425d19121923okuwr n       0    0eng d</controlfield><datafield ind1=" " ind2=" " tag="010"><subfield code="a">sn 97064825 </subfield></datafield><datafield ind1=" " ind2=" " tag="040"><subfield code="a">OBN</subfield><subfield code="b">eng</subfield><subfield code="c">OBN</subfield><subfield code="d">DLC</subfield><subfield code="d">OCLCQ</subfield><subfield code="d">OCLCO</subfield></datafield><datafield ind1="1" ind2=" " tag="029"><subfield code="a">AU@</subfield><subfield code="b">000013250998</subfield></datafield><datafield ind1=" " ind2=" " tag="042"><subfield code="a">msc</subfield></datafield><datafield ind1="0" ind2="0" tag="245"><subfield code="a">Nardin independent.</subfield></datafield><datafield ind1=" " ind2=" " tag="260"><subfield code="a">Nardin, Kay County, Okla. :</subfield><subfield code="b">C.M. Parr</subfield></datafield><datafield ind1=" " ind2=" " tag="300"><subfield code="a">v.</subfield></datafield><datafield ind1=" " ind2=" " tag="310"><subfield code="a">Weekly</subfield></datafield><datafield ind1="1" ind2=" " tag="362"><subfield code="a">Vol. 1, no. 1 (Sep. 19, 1912)-v. 11, no. 42 (Aug. 9, 1923).</subfield></datafield><datafield ind1=" " ind2="0" tag="651"><subfield code="a">Nardin (Okla.)</subfield><subfield code="v">Newspapers.</subfield></datafield><datafield ind1=" " ind2="0" tag="651"><subfield code="a">Kay County (Okla.)</subfield><subfield code="v">Newspapers.</subfield></datafield><datafield ind1=" " ind2=" " tag="752"><subfield code="a">United States</subfield><subfield code="b">Oklahoma</subfield><subfield code="c">Kay</subfield><subfield code="d">Nardin.</subfield></datafield><datafield ind1="0" ind2="4" tag="785"><subfield code="t">Ponca City courier</subfield><subfield code="w">(DLC)sn 86064129</subfield><subfield code="w">(OCoLC)13764192</subfield></datafield></record>